

@Article{gagnon:2013,
  author = 	 {Gagnon, A and Miller, MS and Hallman, SA and et al.},
  title = 	 {Age-specific mortality during the 1918 influenza pandemic: unravelling the mystery of high young adult mortality},
  journal = 	 {PLoS One},
  year = 	 2013,
  volume = 	 8,
  number = 	 8,
  pages = 	 {e69586},
  month = 	 {August},
  note = 	 {doi:10.1371/journal.pone.0069586}}


@Misc{kff:2020,
  author = 	 {{Kaiser Family Foundation}},
  title = 	 {Opioid Overdose Deaths by Age Group},
  note = {https://www.kff.org/other/state-indicator/opioid-overdose-deaths-by-age-group},
  howpublished = {State Health Facts},
  year = 	 2020}

@Misc{nida:2020,
  author = 	 {{Centers for Disease Control}},
  title = 	 {Overdose Death Rates},
  note = {https://www.drugabuse.gov/related-topics/trends-statistics/overdose-death-rate},
  howpublished = {downloaded June 13},
  year = 	 2020}

@Misc{cdc:2020,
  author = 	 {{Centers for Disease Control}},
  title = 	 {COVID-19 Forecasts: Cumulative Deaths},
  note = {https://www.cdc.gov/coronavirus/2019-ncov/covid-data/forecasting-us.html},
  howpublished = {downloaded June 4},
  year = 	 2020}

@Comment CDC (2020) ``COVID-19 Forecasts: Cumulative Deaths'' updated May 28 2020, downloaded May 28 at https://www.cdc.gov/coronavirus/2019-ncov/covid-data/forecasting-us.html.


@Misc{correia:2020,
  author = 	 {Correia, Sergio and Luck, Stephan and Verner, Emil},
  title = 	 {Pandemics Depress the Economy, Public Health Interventions Do Not: Evidence from the 1918 Flu},
  type = {SSRN},
  note = 	 {http://dx.doi.org/10.2139/ssrn.3561560},
  year = 2020,
  month = 	 {March 26},
  howpublished = {SSRN Working Paper}
}


@Comment The Novel Coronavirus Pneumonia Emergency Response Epidemiology Team (2020) “The Epidemiological Characteristics of an Outbreak of 2019 Novel Coronavirus Diseases (COVID-19) — China” China CDC Weekly , 2020, 2(8): 113-122.



@Article{novel:2020,
  author = 	 {{Novel Coronavirus Pneumonia Emergency Response Epidemiology Team}},
  title = 	 {The Epidemiological Characteristics of an Outbreak of 2019 Novel Coronavirus Diseases (COVID-19) — China},
  journal = 	 {China CDC Weekly},
  year = 	 2020,
  volume = 	 2,
  number = 	 8,
  pages = 	 {113-122}}

@Comment Correia, Sergio and Luck, Stephan and Verner, Emil, Pandemics Depress the Economy, Public Health Interventions Do Not: Evidence from the 1918 Flu (March 26, 2020). Available at SSRN: https://ssrn.com/abstract=3561560 or http://dx.doi.org/10.2139/ssrn.3561560

@Book{lotka:1939,
  author = 	 {Alfred J. Lotka},
  title = 	 {Th\'eorie analytique des associations biologiques},
  publisher = 	 {Hermann},
  year = 	 1939,
  volume = 	 {2\`eme partie},
  address = 	 {Paris}}


@Article{keyfitz:1977,
  author = 	 {Nathan Keyfitz},
  title = 	 {What difference would it make if cancer were eradicated? {A}n examination of the {T}aeuber paradox},
  journal = 	 {Demography},
  year = 	 1977,
  volume = 	 14,
  number = 	 4,
  pages = 	 {411-418}}

@article {dowd:2020,
	author = {Dowd, Jennifer Beam and Andriano, Liliana and Brazel, David M. and Rotondi, Valentina and Block, Per and Ding, Xuejie and Liu, Yan and Mills, Melinda C.},
	title = {Demographic science aids in understanding the spread and fatality rates of COVID-19},
	volume = {117},
	number = {18},
	pages = {9696--9698},
	year = {2020},
	doi = {10.1073/pnas.2004911117},
	publisher = {National Academy of Sciences},
	issn = {0027-8424},
	URL = {https://www.pnas.org/content/117/18/9696},
	eprint = {https://www.pnas.org/content/117/18/9696.full.pdf},
	journal = {Proceedings of the National Academy of Sciences}
}



@TechReport{eichenbaum:2020,
  author = 	 {Eichenbaum, Martin S. and Sergio Rebelo and Mathias Trabandt},
  title = 	 {The Macroeconomics of Epidemics},
  institution =  {NBER},
  year = 	 2020,
  type = 	 {Working Paper},
  number = 	 26882,
  month = 	 {March}}

@article{edwards:2005,
 ISSN = {00987921, 17284457},
 URL = {http://www.jstor.org/stable/3401520},
 author = {Ryan D. Edwards and Shripad Tuljapurkar},
 journal = {Population and Development Review},
 number = 4,
 pages = {645--674},
 publisher = {[Population Council, Wiley]},
 title = {Inequality in Life Spans and a New Perspective on Mortality Convergence across Industrialized Countries},
 volume = 31,
 year = 2005
}


%% Office of the Chief Actuary, Social Security Administration (2020), unpublished cohort mortality estimates and projections consistent with publicly available period estimates used for the 2020 Trustees Report.


@Misc{oact:2020,
  author = 	 {{Office of the Chief Actuary}},
  title = {Cohort Life Tables},
  year = 2020,
  note = 	 {Social Security Administration. https://www.ssa.gov/OACT/HistEst/CohLifeTables/2020/CohLifeTables2020.html}}


@Misc{HMD,
  author = 	 {{Human Mortality Database}},
  title = {Human Mortality Database},
  year = 2020,
  note = 	 {www.mortality.org, Rostock, Germany and Berkeley, USA}}

@TechReport{ferguson:2020,
  title={Impact of non-pharmaceutical interventions ({NPI}s) to reduce COVID19 mortality and healthcare demand},
  author={Ferguson, Neil and Laydon, Daniel and Nedjati Gilani, Gemma and Imai, Natsuko and Ainslie, Kylie and Baguelin, Marc and Bhatia, Sangeeta and Boonyasiri, Adhiratha and Cucunuba Perez, ZULMA and Cuomo-Dannenburg, Gina and others},
  year=2020,
  institution =  {Imperial College, London},
  type = 	 {Report},
  number = 	 9,
  address = 	 {London},
  note = 	 {https://doi. org/10.25561/77482}}

@article {aburto:2020,
	author = {Aburto, Jos{\'e} Manuel and Villavicencio, Francisco and Basellini, Ugofilippo and Kj{\ae}rgaard, S{\o}ren and Vaupel, James W.},
	title = {Dynamics of life expectancy and life span equality},
	volume = {117},
	number = {10},
	pages = {5250--5259},
	year = {2020},
	doi = {10.1073/pnas.1915884117},
	publisher = {National Academy of Sciences},
	issn = {0027-8424},
	URL = {https://www.pnas.org/content/117/10/5250},
	eprint = {https://www.pnas.org/content/117/10/5250.full.pdf},
	journal = {Proceedings of the National Academy of Sciences}
}

@Misc{ined:2020,
  author = 	 {{Institut National d'Etudes D\'emographiques}},
  title = 	 {The Demographics of COVID-19 Deaths},
  howpublished = {On-line data base},
  note = {https://dc-covid.site.ined.fr/en/},
  year = 	 2020}

@Misc{gu:2020,
  author = 	 {Gu, Youyang},
  title = 	 {COVID-19 Projections using Machine Learning},
  howpublished = {Accessed June 4, 2020},
  note = {https://covid19-projections.com/#view-projections},
  year = 	 2020}



@Comment Ferguson, N. M., et al.  (2020). Impact of non-pharmaceutical interventions (NPIs) to reduce COVID-19 mortality and healthcare demand. Imperial College, London. DOI: https://doi. org/10.25561/77482.
@Comment Greenstone, Michael and Vishan Nigam (2020) ``Does Social Distancing Matter?'' WORKING PAPER NO. 2020-26 of Becker Friedman Institute for Economics of the University of Chicago.

@TechReport{hanlon:2020,
  author = 	 {P Hanlon and F Chadwick and A Shah},
  title = 	 {COVID-19 – exploring the implications of long-term condition type and extent of multimorbidity on years of life lost: a modelling study},
  institution =  {Wellcome Open Research},
  year = 	 2020,
  note = {https://doi.org/10.12688/wellcomeopenres.15849.1},
  number = 	 {5:75}}


@Misc{ICER:2020,
  author = 	 {{Institute for Clinical and Economic Review}},
  title = 	 {2020-2023 Value Assessment Framework},
  year = 	 2020,
  note = 	 {https://icer-review.org/wp-content/uploads/2019/05/ICER\_2020\_2023\_VAF\_013120-4.pdf. }}

@Comment McAndrew, T. (2020) "COVID19-Expert Forecast-Survey6-20200325.pdf" http://works.bepress.com/mcandrew/3/





@TechReport{cbo:2020,
  author = 	 {{Congressional Budget Office}},
  title = 	 {Interim Economic Projections for 2020 and 2021},
  institution =  {Congress of the United States},
  year = 	 2020,
  note = {https://www.cbo.gov/publication/56351},
  month = 	 {May}}

@Misc{gs:2020,
  OPTkey = 	 {},
  OPTauthor = 	 {},
  OPTtitle = 	 {},
  OPThowpublished = {},
  OPTmonth = 	 {},
  OPTyear = 	 {},
  OPTnote = 	 {},
  OPTannote = 	 {}
}

@Article{murphy:2006,
  author = 	 {Kevin M. Murphy and Robert H. Topel},
  title = 	 {The value of health and longevity},
  journal = 	 {Journal of Political Economy},
  year = 	 2006,
  volume = 	 114,
  number = 	 5,
  pages = 	 {871-904}}


@article{ihme:2020,
	author = {{IHME COVID-19 health survece utilization forecasting team} and Murray, Christopher JL},
	title = {Forecasting COVID-19 impact on hospital bed-days, ICU-days, ventilator-days and deaths by US state in the next 4 months},
	elocation-id = {2020.03.27.20043752},
	year = {2020},
	doi = {10.1101/2020.03.27.20043752},
	publisher = {Cold Spring Harbor Laboratory Press},
	note = {https://www.medrxiv.org/content/early/2020/03/30/2020.03.27.20043752},
	eprint = {https://www.medrxiv.org/content/early/2020/03/30/2020.03.27.20043752.full.pdf},
	journal = {medRxiv}
}




@Comment Murray, Christopher J.L. et al ``Forecasting COVID-19 impact on hospital bed-days, ICU-days, ventilator-days and deaths by US state in the next 4 months'' Preprint submitted to MedRxiv 03.25.2020- tracking ID MEDRXIV/2020/043752.
@Comment Office of the Actuary of Social Security Administration (2020), unpublished cohort mortality estimates and projections consistent with publicly available period estimates linked to the 2020 Trustees Report.
@Comment Jiaquan Xu, M.D., Sherry L. Murphy, B.S., Kenneth D. Kochanek, M.A., and Elizabeth Arias, Ph.D. (2020) NCHS Data Brief, No. 355, January 2020, U.S. DEPARTMENT OF HEALTH AND HUMAN SERVICES, Centers for Disease Control and Prevention, National Center for Health Statistics, Mortality in the United States, 2018
@Book{Viscusi:2018,
  author = 	 {W. Kip Viscusi},
  title = 	 {Pricing Lives: Guideposts for a Safer Society},
  publisher = 	 {Princeton University Press},
  year = 	 2018}


@Misc{viscusi:2020,
  author = 	 {W. Kip Viscusi},
  title = 	 {Pricing the lives saved by coronavirus policies},
  howpublished = {IZA World of Labor: Evidence-based policy making},
  month = 	 {March},
  year = 	 2020,
  note = 	 {https://wol.iza.org/opinions/pricing-the-lives-saved-by-coronavirus-policies}}


@Comment Xu, J., S. L. Murphy, K. D. Kochanek, and E. Arias (2020) ``Mortality in the United States, 2018'' NCHS Data Brief n. 355, January

@Misc{cdc:2016,
  author = 	 {{Center for Disease Control}},
  title = 	 {Today’s HIV/AIDS Epidemic},
  howpublished = {CDC Fact Sheet},
  month = 	 {August},
  year = 	 2016,
  note = 	 {https://www.cdc.gov/nchhstp/newsroom/docs/factsheets/todaysepidemic-508.pdf}}


@Misc{cdc:2019,
  author = 	 {{Center for Disease Control}},
  title = 	 {1918 Pandemic (H1N1 virus)},
  howpublished = {website},
  month = 	 {March 20},
  year = 	 2019,
  note = 	 {https://www.cdc.gov/flu/pandemic-resources/1918-pandemic-h1n1.html}}
